@book{Riepe.2016,
 keyword={primary},
 author = {Riepe, Manfred},
 year = {2016},
 title = {Das Gesetz der Serie - eine {\"U}bersicht {\"u}ber die neuen Streaming-Formate von Amazon, Seite 3-7, Nummer 3},
 address = {Bonn},
 edition = {1},
 publisher = {Medienkompetenz},
 isbn = {}
}

@book{Renner.2016,
 keyword={primary},
 author = {Renner, Karl-Hinrich},
 year = {2016},
 title = {Ist das {\"u}berhaupt noch Fernsehen?, Seite 24-30},
 address = {Marl,
 edition = {1},
 publisher = {Adolf Grimme Institut},
 isbn = {0949-9997}
}
@book{Schwaiger.2015,
 keyword={primary},
 author = {Schwaiger, Sebastian},
 year = {2015},
 title = {Streaming: illegal oder legal? Urheberrechtliche Bewertung des nichtlinearen Streamings im Internet},
 address = {Hamburg},
 publisher = {Diplomica Verlag},
 isbn = {978-3959346689}

}

@online{website:angular:aboutAngular,
	title = "AngularJS - Was ist Angular?",
	author = "Sascha Brink",
	year = "2014",
	url = "https://angularjs.de/buch/was-ist-angularjs",
	note = "05.04.2015, 19:25"
}
