
@book{Tanenbaum.2003,
 keyword={primary},
 author = {Tanenbaum, Andrew},
 year = {2003},
 title = {Computernetzwerke},
 address = {M{\"u}nchen},
 edition = {4},
 publisher = {Pearson Studium},
 isbn = {978-3827370464}
}

@online{sg.TV,
	title = "TV als Grundausstattung",
	author = "Urteil Schleswig-Holsteinisches Landessozialgericht  ",
	year = "2009",
	url = "https://sozialgerichtsbarkeit.de/sgb/esgb/show.php?modul=esgb&id=127564",
	note = "2009"
}


@article{stern.0117,
	title = "TV als Medium",
	author = "Urs Meier",
	year = "01/2017", 
	journal = "Der Stern",
	note = "2009"
}


